% misc --> Uso Genérico
% online --> matérias da internet
@book{daychouw200740,
  title={40 Ferramentas e T{\'e}cnicas de Gerenciamento},
  author={Daychouw, M.},
  isbn={9788574523040},
  url={https://books.google.com.br/books?id=jQ\_JOBtvgBAC},
  year={2007},
  publisher={Brasport Livros e Multim{\'\i}dia}
}
%#####################################################################
%#####################################################################
%#####################################################################
%############################# ARTIGOS %##############################
%#####################################################################
%#####################################################################
%#####################################################################
@article{fernanda2018geopolitica,
  title={Geopol{\'\i}tica e o dom{\'\i}nio aeroespacial: da supremacia da avia{\c{c}}{\~a}o militar {\`a} explora{\c{c}}{\~a}o espacial por fus{\~a}o nuclear},
  author={das Gra{\c{c}}as Corr{\^e}a, Fernanda and dos Reis Peron, Alcides Eduardo and Vergueiro, Luiz Fabricio Thaumaturgo},
  journal={Revista Brasileira de Estudos de Defesa},
  volume={5},
  number={1},
  year={2018}
}

@article{pinto2003giulio,
  title={{Giulio Douhet e John Warden. Aspectos Evolutivos da Teoria do Poder A{\'e}reo}},
  author={Pinto, Pedro Miguel Xavier Estrada Fontes},
  journal={Na{\c{c}}{\~a}o e Defesa},
  year={2003},
  publisher={Instituto da Defesa Nacional}
}

@article{bezerra2016EvolvingApproachUnsupervisedFD,
  title = {An evolving approach to unsupervised and Real-Time fault detection in industrial processes},
  journal = {Expert Systems with Applications},
  volume = {63},
  pages = {134-144},
  year = {2016},
  issn = {0957-4174},
  doi = {https://doi.org/10.1016/j.eswa.2016.06.035},
  url = {https://www.sciencedirect.com/science/article/pii/S0957417416303153},
  author = {Clauber Gomes Bezerra and Bruno Sielly Jales Costa and Luiz Affonso Guedes and Plamen Parvanov Angelov},
  keywords = {Fault detection, Industrial processes, Typicality, Eccentricity, TEDA, Autonomous learning},
}

@Article{calabrese2020UnsupervisedFaultDetectionRUL,
  AUTHOR = {Calabrese, Francesca and Regattieri, Alberto and Botti, Lucia and Mora, Cristina and Galizia, Francesco Gabriele},
  TITLE = {Unsupervised Fault Detection and Prediction of Remaining Useful Life for Online Prognostic Health Management of Mechanical Systems},
  JOURNAL = {Applied Sciences},
  VOLUME = {10},
  YEAR = {2020},
  NUMBER = {12},
  ARTICLE-NUMBER = {4120},
  URL = {https://www.mdpi.com/2076-3417/10/12/4120},
  ISSN = {2076-3417},
  DOI = {10.3390/app10124120}
}

@article{DIEZOLIVAN201992,
  title = {Data fusion and machine learning for industrial prognosis: Trends and perspectives towards Industry 4.0},
  journal = {Information Fusion},
  volume = {50},
  pages = {92-111},
  year = {2019},
  issn = {1566-2535},
  doi = {https://doi.org/10.1016/j.inffus.2018.10.005},
  url = {https://www.sciencedirect.com/science/article/pii/S1566253518304706},
  author = {Alberto Diez-Olivan and Javier {Del Ser} and Diego Galar and Basilio Sierra},
  keywords = {Data-driven prognosis, Data fusion, Machine learning, Industry 4.0},
}

@ARTICLE{Pratama2020OnlineCBM,
  author={M. {Pratama} and E. {Dimla} and T. {Tjahjowidodo} and W. {Pedrycz} and E. {Lughofer}},
  journal={IEEE Transactions on Cybernetics}, 
  title={Online Tool Condition Monitoring Based on Parsimonious Ensemble+}, 
  year={2020},
  volume={50},
  number={2},
  pages={664-677},
  keywords={Tools;Complexity theory;Merging;Machining;Sensors;Condition monitoring;Monitoring;Concept drifts;ensemble classifier;lifelong learning;nonstationary environments;online learning;prognostic health management},
  doi={10.1109/TCYB.2018.2871120},
  ISSN={2168-2275},
  month={Feb},
}

@article{RODRIGUEZRAMOS2018200,
title = {An approach to fault diagnosis with online detection of novel faults using fuzzy clustering tools},
journal = {Expert Systems with Applications},
volume = {113},
pages = {200-212},
year = {2018},
issn = {0957-4174},
doi = {https://doi.org/10.1016/j.eswa.2018.06.055},
url = {https://www.sciencedirect.com/science/article/pii/S0957417418304135},
author = {Adrián Rodr\'iguez-Ramos and Antônio José {da Silva Neto} and Orestes Llanes-Santiago},
keywords = {Robust fault diagnosis, Automatic learning, On-line detection, Novel faults, Fuzzy clustering tools, Optimal parameters},
}

@article{li2019deep,
  title={A deep learning approach for anomaly detection based on SAE and LSTM in mechanical equipment},
  author={Li, Zhe and Li, Jingyue and Wang, Yi and Wang, Kesheng},
  journal={The International Journal of Advanced Manufacturing Technology},
  volume={103},
  number={1},
  pages={499--510},
  year={2019},
  publisher={Springer}
}

@article{luz2018towards,
  title={Towards novelty detection in electronic devices based on their energy consumption},
  author={Luz, Thamires Campos and Verdi, F{\'a}bio L and Almeida, Tiago A},
  journal={Energy Efficiency},
  volume={11},
  number={4},
  pages={939--953},
  year={2018},
  publisher={Springer}
}

@ARTICLE{saucedo2020,
  author={Saucedo-Dorantes, J. J. and M. {Delgado-Prieto} and R. A. {Osornio-Rios} and R. d. J. {Romero-Troncoso}},
  journal={IEEE Transactions on Industrial Informatics}, 
  title={Industrial Data-Driven Monitoring Based on Incremental Learning Applied to the Detection of Novel Faults}, 
  year={2020},
  volume={16},
  number={9},
  pages={5985-5995},
   keywords={Monitoring;Training;Data models;Electromechanical systems;Industries;Self-organizing feature maps;Fault detection;Condition monitoring;fault detection;feature extraction;incremental learning;machine learning;novelty detection},
  doi={10.1109/TII.2020.2973731},
  ISSN={1941-0050},
  month={Sep.}
}

@ARTICLE{carino2018FDI_IncrementalLearning,
  author={J. A. Carino and M. Delgado-Prieto and J. A. Iglesias and A. Sanchis and D. Zurita and M. Millan and J. A. Ortega Redondo and R. Romero-Troncoso},
  journal={IEEE Access}, 
  title={Fault Detection and Identification Methodology Under an Incremental Learning Framework Applied to Industrial Machinery},
  year={2018},
  volume={6},
  number={},
  pages={49755-49766},
  keywords={Fault diagnosis;Adaptation models;Electromechanical systems;Data models;Fault detection;Support vector machines;Training;Condition monitoring;fault diagnosis;industry applications;machine learning},
  doi={10.1109/ACCESS.2018.2868430},
  ISSN={2169-3536},
  month={},
}

@article{CARINO202076,
  title = {Incremental novelty detection and fault identification scheme applied to a kinematic chain under non-stationary operation},
  journal = {ISA Transactions},
  volume = {97},
  pages = {76-85},
  year = {2020},
  issn = {0019-0578},
  doi = {https://doi.org/10.1016/j.isatra.2019.07.025},
  url = {https://www.sciencedirect.com/science/article/pii/S0019057819303143},
  author = {Carino, J.A. and M. Delgado-Prieto and D. Zurita and A. Picot and J.A. Ortega and R.J. Romero-Troncoso},
  keywords = {Condition monitoring, Data-driven modelling, Fault diagnosis, Non-stationary operation, Novelty detection},
}

@article{FU2021104199,
title = {A re-optimized deep auto-encoder for gas turbine unsupervised anomaly detection},
journal = {Engineering Applications of Artificial Intelligence},
volume = {101},
pages = {104199},
year = {2021},
issn = {0952-1976},
doi = {https://doi.org/10.1016/j.engappai.2021.104199},
url = {https://www.sciencedirect.com/science/article/pii/S0952197621000464},
author = {Song Fu and Shisheng Zhong and Lin Lin and Minghang Zhao},
keywords = {Re-optimized deep auto-encoder, Unsupervised anomaly detection, Reconstruction error, Isolation forest, Gas turbine},
}

@article{michau2021unsupervisedTransferLearning,
title = {Unsupervised transfer learning for anomaly detection: Application to complementary operating condition transfer},
journal = {Knowledge-Based Systems},
volume = {216},
pages = {106816},
year = {2021},
issn = {0950-7051},
doi = {https://doi.org/10.1016/j.knosys.2021.106816},
url = {https://www.sciencedirect.com/science/article/pii/S0950705121000794},
author = {Gabriel Michau and Olga Fink},
keywords = {Anomaly detection, Fault detection, Unsupervised domain adaptation, Aircraft, Bearings, Image processing},
}

@article{fink2020DeepLearning_PHM_directions,
  title = {Potential, challenges and future directions for deep learning in prognostics and health management applications},
  journal = {Engineering Applications of Artificial Intelligence},
  volume = {92},
  pages = {103678},
  year = {2020},
  issn = {0952-1976},
  doi = {https://doi.org/10.1016/j.engappai.2020.103678},
  url = {https://www.sciencedirect.com/science/article/pii/S0952197620301184},
  author = {Olga Fink and Qin Wang and Markus Svensén and Pierre Dersin and Wan-Jui Lee and Melanie Ducoffe},
  keywords = {Deep learning, Prognostics and health management, GAN, Domain adaptation, Fleet PHM, Deep reinforcement learning, Physics-induced machine learning},
}



@article{salini2021Diagnostic_Automobiles_CNN,
  title = {Detection of critical diagnostic faults in automobiles using Convolutional Neural network architecture},
  journal = {Materials Today: Proceedings},
  year = {2021},
  issn = {2214-7853},
  doi = {https://doi.org/10.1016/j.matpr.2021.02.167},
  url = {https://www.sciencedirect.com/science/article/pii/S2214785321012499},
  author = {C. Salini and K. {Reddy Madhavi} and Hari Babu Kaku and S. Vatchala},
  keywords = {CNN, SVM, Automobiles, Machine learning, ANN},
}

@ARTICLE{huang2011extreme,
  author={G. {Huang} and H. {Zhou} and X. {Ding} and R. {Zhang}},
  journal={IEEE Transactions on Systems, Man, and Cybernetics, Part B (Cybernetics)}, 
  title={Extreme Learning Machine for Regression and Multiclass Classification}, 
  year={2012},
  volume={42},
  number={2},
  pages={513-529},
  keywords={Support vector machines;Optimization;Kernel;Training;Feedforward neural networks;Machine learning;Approximation methods;Extreme learning machine (ELM);feature mapping;kernel;least square support vector machine (LS-SVM);proximal support vector machine (PSVM);regularization network},
  doi={10.1109/TSMCB.2011.2168604},
  ISSN={1941-0492},
  month={April},
  publisher={IEEE}
}

@ARTICLE{amar2014vibration,
  author={M. {Amar} and I. {Gondal} and C. {Wilson}},
  journal={IEEE Transactions on Industrial Electronics}, 
  title={Vibration Spectrum Imaging: A Novel Bearing Fault Classification Approach}, 
  year={2015},
  volume={62},
  number={1},
  pages={494-502},
  ISSN={1557-9948},
  month={Jan},
  publisher={IEEE}
}

@article{abdeljaber2017realtimeVibrationDetectionCNN,
  title = {Real-time vibration-based structural damage detection using one-dimensional convolutional neural networks},
  journal = {Journal of Sound and Vibration},
  volume = {388},
  pages = {154-170},
  year = {2017},
  issn = {0022-460X},
  doi = {https://doi.org/10.1016/j.jsv.2016.10.043},
  url = {https://www.sciencedirect.com/science/article/pii/S0022460X16306204},
  author = {Osama Abdeljaber and Onur Avci and Serkan Kiranyaz and Moncef Gabbouj and Daniel J. Inman},
  keywords = {Vibration, Structural health monitoring, Structural damage detection, Neural networks, Convolutional neural networks},
}

@article{Matthews2014discoveringAnomalous,
  author = {Matthews, Bryan and Das, Santanu and Bhaduri, Kanishka and Das, Kamalika and Martin, Rodney and Oza, Nikunj},
  year = {2014},
  month = {10},
  pages = {467-475},
  title = {Discovering Anomalous Aviation Safety Events Using Scalable Data Mining Algorithms},
  volume = {11},
  journal = {Journal of Aerospace Information Systems},
  doi = {10.2514/1.I010211},
  issn = {23273097},
  issue = {7},
  journal = {Journal of Aerospace Information Systems},
}


@article{wang2015DataDrivenUAV,
  title = {A data driven approach for detection and isolation of anomalies in a group of UAVs},
  journal = {Chinese Journal of Aeronautics},
  volume = {28},
  number = {1},
  pages = {206-213},
  year = {2015},
  issn = {1000-9361},
  doi = {https://doi.org/10.1016/j.cja.2014.12.003},
  url = {https://www.sciencedirect.com/science/article/pii/S1000936114002027},
  author = {Yin Wang and Daobo Wang and Jianhong Wang},
  keywords = {Combinatorial optimization, Fault detection, Gradient methods, Model identification, Unmanned aerial vehicle},
  publisher={Elsevier}
}

@article{URBANO201713544,
title = {A Data-Driven Approach For Actuator Servo Loop Failure Detection},
journal = {IFAC-PapersOnLine},
volume = {50},
number = {1},
pages = {13544-13549},
year = {2017},
note = {20th IFAC World Congress},
issn = {2405-8963},
doi = {https://doi.org/10.1016/j.ifacol.2017.08.2353},
url = {https://www.sciencedirect.com/science/article/pii/S2405896317331695},
author = {S. Urbano and E. Chaumette and P. Goupil and J-Y. Tourneret},
keywords = {Flight Control, Fault Detection, Diagnosis, Oscillatory Failure Case, Distance, Correlation, Classification, Support Vector Machines},
}

@article{goupil2014ADDSAFE,
  title = {The European ADDSAFE project: Industrial and academic efforts towards advanced fault diagnosis},
  journal = {Control Engineering Practice},
  volume = {31},
  pages = {109-125},
  year = {2014},
  issn = {0967-0661},
  doi = {https://doi.org/10.1016/j.conengprac.2014.03.011},
  url = {https://www.sciencedirect.com/science/article/pii/S096706611400121X},
  author = {Philippe Goupil and Andrés Marcos},
  keywords = {Flight control, Fault diagnosis, Verification & validation, European project},
}

@article{goupil2016AirbusDataDriven,
  title = {A Data-Driven Approach to Detect Faults in the Airbus Flight Control System},
  journal = {IFAC-PapersOnLine},
  volume = {49},
  number = {17},
  pages = {52-57},
  year = {2016},
  note = {20th IFAC Symposium on Automatic Control in AerospaceACA 2016},
  issn = {2405-8963},
  doi = {https://doi.org/10.1016/j.ifacol.2016.09.010},
  url = {https://www.sciencedirect.com/science/article/pii/S2405896316314823},
  author = {Philippe WGoupil and Simone Urbano and Jean-Yves Tourneret},
  keywords = {Aircraft, Flight Control, Fault Detection, Diagnosis, Oscillatory Fault Case},
  publisher={Elsevier}
}

@article{VALDES2010PulsedPlasmaFDI,
  title = {A pulsed plasma thruster fault detection and isolation strategy for formation flying of satellites},
  journal = {Applied Soft Computing},
  volume = {10},
  number = {3},
  pages = {746-758},
  year = {2010},
  issn = {1568-4946},
  doi = {https://doi.org/10.1016/j.asoc.2009.09.005},
  url = {https://www.sciencedirect.com/science/article/pii/S1568494609001653},
  author = {A. Valdes and K. Khorasani},
  keywords = {Fault detection and isolation, Dynamic neural networks, Formation flying of satellites, Pulsed plasma thrusters}
}

@ARTICLE{cikanek1986spaceshuttleenginefailuredetection,  
  author={H. {Cikanek}},  
  journal={IEEE Control Systems Magazine},   
  title={Space shuttle main engine failure detection},   
  year={1986},  
  volume={6},  
  number={3},  
  pages={13-18},  
  doi={10.1109/MCS.1986.1105095}
}

@ARTICLE{zhang2016multiobjective,
  author={C. {Zhang} and P. {Lim} and A. K. {Qin} and K. C. {Tan}},
  journal={IEEE Transactions on Neural Networks and Learning Systems}, 
  title={Multiobjective Deep Belief Networks Ensemble for Remaining Useful Life Estimation in Prognostics}, 
  year={2017},
  volume={28},
  number={10},
  pages={2306-2318},
  publisher={IEEE},
  doi={10.1109/TNNLS.2016.2582798}
}




@article{SOARES2021unsupervised,
title = {Unsupervised machine learning techniques to prevent faults in railroad switch machines},
journal = {International Journal of Critical Infrastructure Protection},
volume = {33},
pages = {100423},
year = {2021},
issn = {1874-5482},
doi = {https://doi.org/10.1016/j.ijcip.2021.100423},
url = {https://www.sciencedirect.com/science/article/pii/S1874548221000159},
author = {Nielson Soares and Eduardo Pestana de Aguiar and Amanda Campos Souza and Leonardo Goliatt},
keywords = {Railroad switch, Computational intelligence, Machine learning, Failure prediction}
}

@article{Yu2012bearingdefectclassification,
   author={J. Yu},
   doi = {10.1109/TIE.2011.2167893},
   ISSN={1557-9948},
   issue = {5},
   journal = {IEEE Transactions on Industrial Electronics},
   keywords = {Bearing,defect classification,feature extraction,manifold learning,performance degradation assessment},
   pages = {2363-2376},
   publisher = {Institute of Electrical and Electronics Engineers Inc.},
   title = {Local and nonlocal preserving projection for bearing defect classification and performance assessment},
   volume = {59},
   year = {2012},
   month={May}
}

@article{Hospedales2013,
   author={T. M. {Hospedales} and S. {Gong} and T. {Xiang}},
   doi = {10.1109/TKDE.2011.231},
   issn = {10414347},
   issue = {2},
   journal = {IEEE Transactions on Knowledge and Data Engineering},
   keywords = {Active learning,classification,discriminative models,generative models,imbalanced learning,rare class discovery},
   pages = {374-386},
   title = {Finding rare classes: Active learning with generative and discriminative models},
   volume = {25},
   year = {2013},
}

@article{GUO2016490,
title = {Hierarchical adaptive deep convolution neural network and its application to bearing fault diagnosis},
journal = {Measurement},
volume = {93},
pages = {490-502},
year = {2016},
issn = {0263-2241},
doi = {https://doi.org/10.1016/j.measurement.2016.07.054},
url = {https://www.sciencedirect.com/science/article/pii/S0263224116304249},
author = {Xiaojie Guo and Liang Chen and Changqing Shen},
keywords = {Fault diagnosis, Feature extraction, Adaptive learning rate, Deep convolution network, Hierarchical structure}
}

@article{lei2007fault,
  title={Fault diagnosis of rotating machinery based on multiple ANFIS combination with GAs},
  author={Lei, Yaguo and He, Zhengjia and Zi, Yanyang and Hu, Qiao},
  journal={Mechanical systems and signal processing},
  volume={21},
  number={5},
  pages={2280--2294},
  year={2007},
  publisher={Elsevier}
}


@ARTICLE{yin2014databasedoverview,
  author={S. Yin and X. {Li} and H. {Gao} and O. {Kaynak}},
  journal={IEEE Transactions on Industrial Electronics}, 
  title={Data-Based Techniques Focused on Modern Industry: An Overview}, 
  year={2015},
  volume={62},
  number={1},
  pages={657-667},
  doi={10.1109/TIE.2014.2308133},
  publisher={IEEE}
}

@article{rodrigues2020machine,
  title={Machine Learning Techniques for Fault Diagnosis of Rotating Machines Using Spectrum Image of Vibration Orbits},
  author={Rodrigues, Clayton Eduardo and J{\'u}nior, Cairo L{\'u}cio Nascimento and Rade, Domingos Alves},
  journal={Anais da Sociedade Brasileira de Autom{\'a}tica},
  volume={2},
  number={1},
  year={2020}
}

@article{zhaorui2017learning,
  title={Learning to monitor machine health with convolutional bi-directional LSTM networks},
  author={Zhao, Rui and Yan, Ruqiang and Wang, Jinjiang and Mao, Kezhi},
  journal={Sensors},
  volume={17},
  number={2},
  pages={273},
  year={2017},
  publisher={Multidisciplinary Digital Publishing Institute},
  DOI = {10.3390/s17020273},
  URL = {https://www.mdpi.com/1424-8220/17/2/273},
  ISSN = {1424-8220},
}

@article{Serdio2014,
   author = {Francisco Serdio and Edwin Lughofer and Kurt Pichler and Thomas Buchegger and Markus Pichler and Hajrudin Efendic},
   doi = {10.1016/j.inffus.2014.03.006},
   issn = {15662535},
   issue = {1},
   journal = {Information Fusion},
   keywords = {Multivariate orthogonal space transformations,On-line incremental residual analysis,Residual-based fault detection,System identification,Vectorized time-series models (types of)},
   pages = {272-291},
   publisher = {Elsevier},
   title = {Fault detection in multi-sensor networks based on multivariate time-series models and orthogonal transformations},
   volume = {20},
   year = {2014},
}

@article{yin2014data,
  title={Data-driven design of robust fault detection system for wind turbines},
  author={Yin, Shen and Wang, Guang and Karimi, Hamid Reza},
  journal={Mechatronics},
  volume={24},
  number={4},
  pages={298--306},
  year={2014},
  publisher={Elsevier}
}

@article{JARDINE20061483,
title = {A review on machinery diagnostics and prognostics implementing condition-based maintenance},
journal = {Mechanical Systems and Signal Processing},
volume = {20},
number = {7},
pages = {1483-1510},
year = {2006},
issn = {0888-3270},
doi = {https://doi.org/10.1016/j.ymssp.2005.09.012},
url = {https://www.sciencedirect.com/science/article/pii/S0888327005001512},
author = {Andrew K.S. Jardine and Daming Lin and Dragan Banjevic},
keywords = {Diagnostics, Prognostics, Condition monitoring, Condition-based maintenance, Signal processing, Sensor data fusion},
}

@article{martins2018applying,
  title={Applying CBM and PHM concepts with reliability approach for Blowout Preventer (BOP): a literature review},
  author={Martins, Filipe Brand{\~a}o and Cardoso, Rodolfo and Tammela, Iara and Colombo, Danilo and de Matos, Bruno Acioli},
  journal={Brazilian Journal of Operations \& Production Management},
  volume={15},
  number={1},
  pages={78--95},
  year={2018}
}

@article{omri2020industrial,
  title={Industrial data management strategy towards an SME-oriented PHM},
  author={Omri, N and Al Masry, Z and Mairot, N and Giampiccolo, S and Zerhouni, N},
  journal={Journal of Manufacturing Systems},
  volume={56},
  pages={23--36},
  year={2020},
  publisher={Elsevier}
}


@article{SADOUGHVANINI2014fdi,
   title = {Fault detection and isolation of a dual spool gas turbine engine using dynamic neural networks and multiple model approach},
   journal = {Information Sciences},
   volume = {259},
   pages = {234-251},
   year = {2014},
   issn = {0020-0255},
   doi = {https://doi.org/10.1016/j.ins.2013.05.032},
   url = {https://www.sciencedirect.com/science/article/pii/S0020025513004131},
   author = {Z.N. Sadough{ }Vanini and K. Khorasani and N. Meskin},
   keywords = {Fault diagnosis, Dynamic neural networks, Multiple model scheme, Bank of detection and isolation filters, Dual spool gas turbine engine}
}
 



@article{verstraete2017deep,
  title={Deep learning enabled fault diagnosis using time-frequency image analysis of rolling element bearings},
  author={Verstraete, David and Ferrada, Andr{\'e}s and Droguett, Enrique L{\'o}pez and Meruane, Viviana and Modarres, Mohammad},
  journal={Shock and Vibration},
  volume={2017},
  year={2017},
  issn = {10709622},
  publisher={Hindawi},
  URL = {https://doi.org/10.1155/2017/5067651},
  doi={10.1155/2017/5067651}
}

@ARTICLE{lei2016intelligentfaultdiagnosis,  
author={Y. {Lei} and F. {Jia} and J. {Lin} and S. {Xing} and S. X. {Ding}},  
journal={IEEE Transactions on Industrial Electronics},   
title={An Intelligent Fault Diagnosis Method Using Unsupervised Feature Learning Towards Mechanical Big Data},   
year={2016},  
volume={63},  
number={5},  
pages={3137-3147},  
doi={10.1109/TIE.2016.2519325}
}

@article{michau2020featurelearning,
author = {Gabriel Michau and Yang Hu and Thomas Palmé and Olga Fink},
title ={Feature learning for fault detection in high-dimensional condition monitoring signals},
journal = {Proceedings of the Institution of Mechanical Engineers, Part O: Journal of Risk and Reliability},
volume = {234},
number = {1},
pages = {104-115},
year = {2020},
doi = {10.1177/1748006X19868335},
URL = {https://doi.org/10.1177/1748006X19868335},
eprint = {https://doi.org/10.1177/1748006X19868335}
}



@article{YAN2017205onlinefaultdetection,
title = {Online fault detection methods for chillers combining extended kalman filter and recursive one-class SVM},
journal = {Neurocomputing},
volume = {228},
pages = {205-212},
year = {2017},
note = {Advanced Intelligent Computing: Theory and Applications},
issn = {0925-2312},
doi = {https://doi.org/10.1016/j.neucom.2016.09.076},
url = {https://www.sciencedirect.com/science/article/pii/S0925231216312528},
author = {Ke Yan and Zhiwei Ji and Wen Shen},
keywords = {Chiller, Fault detection, One-class support vector machine, Extended kalman filter}
}



@article{Chen2014,
   author = {Huanhuan Chen and Peter TIŇO and Xin Yao},
   doi = {10.1016/j.compchemeng.2014.03.015},
   issn = {00981354},
   journal = {Computers and Chemical Engineering},
   keywords = {Cognitive fault diagnosis,Fault detection,Learning in the model space,One class learning,Reservoir computing,Tennessee Eastman Process},
   month = {8},
   pages = {33-42},
   publisher = {Elsevier Ltd},
   title = {Cognitive fault diagnosis in Tennessee Eastman Process using learning in the model space},
   volume = {67},
   year = {2014},
}

@article{MAHADEVAN20091627,
title = {Fault detection and diagnosis in process data using one-class support vector machines},
journal = {Journal of Process Control},
volume = {19},
number = {10},
pages = {1627-1639},
year = {2009},
issn = {0959-1524},
doi = {https://doi.org/10.1016/j.jprocont.2009.07.011},
url = {https://www.sciencedirect.com/science/article/pii/S0959152409001334},
author = {Sankar Mahadevan and Sirish L. Shah},
keywords = {Fault detection, Fault diagnosis, Support vector machines}
}

@article{Arunthavanathan2020,
   author = {Arunthavanathan, Rajeevan and Khan, Faisal and Ahmed, Salim and Imtiaz, Syed and Rusli, Risza},
   doi = {10.1016/j.compchemeng.2019.106697},
   issn = {00981354},
   journal = {Computers and Chemical Engineering},
   keywords = {Cognitive model,Fault detection and classification,One class neural network,Shallow neural network,Tennessee Eastman process,Unsupervised learning},
   month = {3},
   publisher = {Elsevier Ltd},
   title = {Fault detection and diagnosis in process system using artificial intelligence-based cognitive technique},
   volume = {134},
   pages={106697},
   year = {2020},
}

@article{Li2017elmactuatorfaultdetection,
   author = {Chen, Li and Yu, Zhang and Ping, Li},
   doi = {10.1177/1687814017705068},
   issn = {16878140},
   issue = {6},
   journal = {Advances in Mechanical Engineering},
   keywords = {Actuator,Extreme learning machine,Fault detection,Helicopter,Quadrotor},
   month = {6},
   publisher = {SAGE Publications Inc.},
   title = {Extreme learning machine based actuator fault detection of a quadrotor helicopter},
   volume = {9},
   year = {2017},
}

@article{Zhao2019,
   author = {Yong Ping Zhao and Gong Huang and Qian Kun Hu and Jian Feng Tan and Jian Jun Wang and Zhe Yang},
   doi = {10.1016/j.ast.2019.05.021},
   issn = {12709638},
   journal = {Aerospace Science and Technology},
   keywords = {Aircraft engine,Extreme learning machine,Fault detection,Imbalanced classification,Machine learning},
   month = {8},
   pages = {70-81},
   publisher = {Elsevier Masson SAS},
   title = {Soft extreme learning machine for fault detection of aircraft engine},
   volume = {91},
   year = {2019},
}

@article{Taha2019anomaly,
   author = {Taha, Ayman and Hadi, Ali S},
   doi = {10.1145/3312739},
   issn = {15577341},
   issue = {2},
   journal = {ACM Computing Surveys},
   keywords = {Computational complexity,Data mining,Holo entropy,Intrusion detection systems,Mixed data,Nominal data,Novelty detection,Outliers detection,Semi-supervised learning,Shannon entropy,Supervised learning,Unsupervised learning},
   month = {5},
   publisher = {Association for Computing Machinery},
   title = {Anomaly detection methods for categorical data: A review},
   volume = {52},
   number={2},
   pages={1--35},
   year = {2019},
}

@article{Ruan2021,
   author = {H. {RUAN} and Y. {Wang} and X. {Li} and Y. {Qin} and B. {Tang} and P. {Wang}},
  doi={10.1109/TIM.2021.3052010},
   issn = {15579662},
   journal = {IEEE Transactions on Instrumentation and Measurement},
   keywords = {Gearbox fault diagnosis,limited labeled samples,pseudo label learning,relation discovering,semisupervised learning},
   publisher = {Institute of Electrical and Electronics Engineers Inc.},
   title = {A Relation-based Semi-supervised Method for Gearbox Fault Diagnosis with Limited Labeled Samples},
   year = {2021},
   volume={70},
   pages={1-13},
}

@article{villa2021semi,
   author = {Miryam Elizabeth Villa-Perez and Miguel Álvarez-Carmona and Octavio Loyola-González and Miguel Angel Medina-Pérez and Juan Carlos Velazco-Rossell and Kim Kwang Raymond Choo},
   doi = {10.1016/j.knosys.2021.106878},
   issn = {09507051},
   journal = {Knowledge-Based Systems},
   keywords = {Anomaly detection,Meta-analysis study,Review,Semi-supervised classification,Up-to-date comparison},
   month = {4},
   publisher = {Elsevier B.V.},
   title = {Semi-supervised anomaly detection algorithms: A comparative summary and future research directions},
   volume = {218},
   pages={106878},
   year = {2021},
}


@article{principi2019unsupervised,
  title={Unsupervised electric motor fault detection by using deep autoencoders},
  author={Principi, Emanuele and Rossetti, Damiano and Squartini, Stefano and Piazza, Francesco},
  journal={IEEE/CAA Journal of Automatica Sinica},
  volume={6},
  number={2},
  pages={441--451},
  year={2019},
  publisher={IEEE}
}

@article{Chao2021,
   author = {Manuel Arias Chao and Chetan Kulkarni and Kai Goebel and Olga Fink},
   doi = {10.3390/data6010005},
   issn = {23065729},
   issue = {1},
   journal = {Data},
   keywords = {CMAPSS,Prognostics,Run-to-failure},
   month = {1},
   pages = {1-14},
   publisher = {MDPI AG},
   title = {Aircraft engine run-to-failure dataset under real flight conditions for prognostics and diagnostics},
   volume = {6},
   year = {2021},
}

@article{hofler1983approach,
  title={Approach, method, technique a clarification},
  author={Hofler, Donald B},
  year={1983},
  publisher={Taylor \& Francis}
}

@article{burnham1992approach,
  title={Approach-method-technique: Making distinctions and creating connections},
  author={Burnham, John},
  journal={Human Systems},
  volume={3},
  number={1},
  pages={3--26},
  year={1992}
}

@article{Guillen2016,
author = {Guill\'en, A. J. and Crespo, A. and Macchi, M. and G{\'{o}}mez, J.},
doi = {10.1080/09537287.2016.1171920},
issn = {13665871},
journal = {Production Planning and Control},
keywords = {CBM,PHM,RCM,maintenance policies,proactive maintenance},
number = {12},
pages = {991--1004},
title = {{On the role of Prognostics and Health Management in advanced maintenance systems}},
volume = {27},
year = {2016}
}

@article{vogl2019review,
  title={A review of diagnostic and prognostic capabilities and best practices for manufacturing},
  author={Vogl, Gregory W and Weiss, Brian A and Helu, Moneer},
  journal={Journal of Intelligent Manufacturing},
  volume={30},
  number={1},
  pages={79--95},
  year={2019},
  publisher={Springer}
}

@article{kothamasu2006system,
  title={System health monitoring and prognostics—a review of current paradigms and practices},
  author={Kothamasu, Ranganath and Huang, Samuel H and VerDuin, William H},
  journal={The International Journal of Advanced Manufacturing Technology},
  volume={28},
  number={9-10},
  pages={1012--1024},
  year={2006},
  publisher={Springer}
}

@article{samy2011survey,
  title={Survey and application of sensor fault detection and isolation schemes},
  author={Samy, Ihab and Postlethwaite, Ian and Gu, Da-Wei},
  journal={Control Engineering Practice},
  volume={19},
  number={7},
  pages={658--674},
  year={2011},
  publisher={Elsevier}
}

@book{samy2011fault,
  title={Fault Detection and Flight Data Measurement: Demonstrated on Unmanned Air Vehicles using Neural Networks},
  author={Samy, I. and Gu, D.W.},
  isbn={9783642240515},
  lccn={2011937286},
  series={Lecture Notes in Control and Information Sciences},
  year={2011},
  publisher={Springer Berlin Heidelberg}
}

@article{zhao2019artificial,
  title={Artificial intelligence-based fault detection and diagnosis methods for building energy systems: Advantages, challenges and the future},
  author={Zhao, Yang and Li, Tingting and Zhang, Xuejun and Zhang, Chaobo},
  journal={Renewable and Sustainable Energy Reviews},
  volume={109},
  pages={85--101},
  year={2019},
  publisher={Elsevier}
}

@article{Peng2020,
  author = {Peng, Xiaomeng and Jin, Xiaoning and Duan, Shiming and Sankavaram, Chaitanya},
  doi = {10.1115/MSEC2020-8431},
  isbn = {9780791884263},
  journal = {ASME 2020 15th International Manufacturing Science and Engineering Conference, MSEC 2020},
  keywords = {Active Learning,Class Incremental Learning,Fault Detection and Diagnosis,Semi-supervised Learning Nomenclature},
  pages = {1--9},
  title = {{Class incremental fault detection and diagnosis with unlabeled condition monitoring data}},
  volume = {2},
  year = {2020}
}

@article{Scheirer2014,
	author = {Scheirer, Walter J. and Jain, Lalit P. and Boult, Terrance E.},
	doi = {10.1109/TPAMI.2014.2321392},
	issn = {01628828},
	journal = {IEEE Transactions on Pattern Analysis and Machine Intelligence},
	keywords = {Machine learning,open set recognition,statistical extreme value theory,support vector machines},
	number = {11},
	pages = {2317--2324},
	publisher = {IEEE},
	title = {Probability models for open set recognition},
	volume = {36},
	year = {2014}
}

@article{Dhamija2018,
  author = {Dhamija, Akshay Raj and G{\"{u}}nther, Manuel and Boult, Terrance E.},
  eprint = {1811.04110},
  issn = {10495258},
  journal = {Advances in Neural Information Processing Systems},
  number = {NeurIPS},
  pages = {9157--9168},
  title = {Reducing network agnostophobia},
  volume = {2018-December},
  year = {2018}
}

@article{ma2021degradation,
  title={Degradation state partition and compound fault diagnosis of rolling bearing based on personalized multi-label learning},
  author={Ma, Xin and Hu, Yu and Wang, Menghui and Li, Fengying and Wang, Youqing},
  journal={IEEE Transactions on Instrumentation and Measurement},
  year={2021},
  publisher={IEEE}
}

@article{zhuang2021non,
  title={Non-Exhaustive Learning Using Gaussian Mixture Generative Adversarial Networks},
  author={Zhuang, Jun and Hasan, Mohammad Al},
  journal={arXiv preprint arXiv:2106.14344},
  year={2021}
}

@inproceedings{gepperth2016incremental,
  title={Incremental learning algorithms and applications},
  author={Gepperth, Alexander and Hammer, Barbara},
  booktitle={European symposium on artificial neural networks (ESANN)},
  year={2016}
}

@article{zhang2020surveyautoencoder,
  title={A survey of autoencoder-based recommender systems},
  author={Zhang, Guijuan and Liu, Yang and Jin, Xiaoning},
  journal={Frontiers of Computer Science},
  volume={14},
  number={2},
  pages={430--450},
  year={2020},
  publisher={Springer}
}

@INPROCEEDINGS{losing2016samknn,
  author={Losing, Viktor and Hammer, Barbara and Wersing, Heiko},
  booktitle={2016 IEEE 16th International Conference on Data Mining (ICDM)}, 
  title={KNN Classifier with Self Adjusting Memory for Heterogeneous Concept Drift}, 
  year={2016},
  volume={},
  number={},
  pages={291-300},
  doi={10.1109/ICDM.2016.0040}
}

@inproceedings{hulten200hoeffdingtree,
  title={Mining time-changing data streams},
  author={Hulten, Geoff and Spencer, Laurie and Domingos, Pedro},
  booktitle={Proceedings of the seventh ACM SIGKDD international conference on Knowledge discovery and data mining},
  pages={97--106},
  year={2001}
}

@article{backlund2011dbscab,
  title={A density-based spatial clustering of application with noise},
  author={B{\"a}cklund, Henrik and Hedblom, Anders and Neijman, Niklas},
  journal={Data Mining TNM033},
  pages={11--30},
  year={2011}
}

@article{mendoncca2019clustering,
  title={On Clustering Algorithms: Applications in Word-Embedding Documents.},
  author={Mendon{\c{c}}a, Israel and Trouv{\'e}, Antoine and Fukuda, Akira and Murakami, Kazuaki J and Tsai, Chih-Fong and Hu, Ya-Han and Wang, Ming-Chang and Liu, Kang Ernest and Yu, Xiaoguang and Yuan, Yafei and others},
  journal={J. Comput.},
  volume={14},
  number={2},
  pages={88--92},
  year={2019}
}

@article{qaddoura2020efficient,
  title={An efficient clustering algorithm based on the k-nearest neighbors with an indexing ratio},
  author={Qaddoura, Raneem and Faris, Hossam and Aljarah, Ibrahim},
  journal={International Journal of Machine Learning and Cybernetics},
  volume={11},
  number={3},
  pages={675--714},
  year={2020},
  publisher={Springer}
}

@article{li2021novel,
  title={A novel semi-supervised data-driven method for chiller fault diagnosis with unlabeled data},
  author={Li, Bingxu and Cheng, Fanyong and Zhang, Xin and Cui, Can and Cai, Wenjian},
  journal={Applied Energy},
  volume={285},
  pages={116459},
  year={2021},
  publisher={Elsevier}
}

@article{li2021meta,
  title={Meta-learning for few-shot bearing fault diagnosis under complex working conditions},
  author={Li, Chuanjiang and Li, Shaobo and Zhang, Ansi and He, Qiang and Liao, Zihao and Hu, Jianjun},
  journal={Neurocomputing},
  volume={439},
  pages={197--211},
  year={2021},
  publisher={Elsevier}
}

@article{fan2021study,
  title={A study on semi-supervised learning in enhancing performance of AHU unseen fault detection with limited labeled data},
  author={Fan, Cheng and Liu, Yichen and Liu, Xuyuan and Sun, Yongjun and Wang, Jiayuan},
  journal={Sustainable Cities and Society},
  volume={70},
  pages={102874},
  year={2021},
  publisher={Elsevier}
}

@article{dong2021new,
  title={A new multimode process monitoring method based on a hierarchical Dirichlet process—Hidden semi-Markov model with application to the hot steel strip mill process},
  author={Dong, Jie and Zhang, Chi and Peng, Kaixiang},
  journal={Control Engineering Practice},
  volume={110},
  pages={104767},
  year={2021},
  publisher={Elsevier}
}

@article{ferhat2021incremental,
  title={Incremental discovery of new defects: application to screwing process monitoring},
  author={Ferhat, Mahmoud and Ritou, Mathieu and Leray, Philippe and Le Du, Nicolas},
  journal={CIRP Annals},
  volume={70},
  number={1},
  pages={369--372},
  year={2021},
  publisher={Elsevier}
}

@article{li2020two,
  title={A two-stage transfer adversarial network for intelligent fault diagnosis of rotating machinery with multiple new faults},
  author={Li, Jipu and Huang, Ruyi and He, Guolin and Liao, Yixiao and Wang, Zhen and Li, Weihua},
  journal={IEEE/ASME Transactions on Mechatronics},
  volume={26},
  number={3},
  pages={1591--1601},
  year={2020},
  publisher={IEEE}
}

@article{wang2020investigating,
  title={Investigating the construction, training, and verification methods of k-means clustering fault recognition model for rotating machinery},
  author={Wang, Qingfeng and Liu, Jiahe and Wei, Bingkun and Chen, Wenwu and Xu, Shujian},
  journal={IEEE Access},
  volume={8},
  pages={196515--196528},
  year={2020},
  publisher={IEEE}
}

@article{cerrada2018semi,
  title={A semi-supervised approach based on evolving clusters for discovering unknown abnormal condition patterns in gearboxes},
  author={Cerrada, Mariela and S{\'a}nchez, Ren{\'e}-Vinicio and Cabrera, Diego},
  journal={Journal of Intelligent \& Fuzzy Systems},
  volume={34},
  number={6},
  pages={3581--3593},
  year={2018},
  publisher={IOS Press}
}

@article{zheng2021semi,
  title={Semi-supervised classification on data streams with recurring concept drift and concept evolution},
  author={Zheng, Xiulin and Li, Peipei and Hu, Xuegang and Yu, Kui},
  journal={Knowledge-Based Systems},
  volume={215},
  pages={106749},
  year={2021},
  publisher={Elsevier}
}

%#####################################################################
%#####################################################################
%#####################################################################
%########################### PROCEDINGS %#############################
%#####################################################################
%#####################################################################
%#####################################################################
@INPROCEEDINGS{ramirezchaves2019NoveltyDetection,
  author={Ram\'irez{ }Chavez, M. and L. {Ruíz Soto} and F. {Arellano Espitia} and J. J. {Saucedo} and M. {Delgado Prieto} and L. {Romeral}},
  booktitle={2019 IEEE 12th International Symposium on Diagnostics for Electrical Machines, Power Electronics and Drives (SDEMPED)}, 
  title={Evaluation of Multiclass Novelty Detection Algorithms for Electric Machine Monitoring}, 
  year={2019},
  volume={},
  number={},
  pages={330-337},
  keywords={Probabilistic logic;Gaussian mixture model;Support vector machines},
  doi={10.1109/DEMPED.2019.8864874},
  ISSN={},
  month={Aug},
}

@INPROCEEDINGS{masud2010,
  author={Masud, Mohammad M. and Chen, Qing and Khan, Latifur and Aggarwal, Charu and Gao, Jing and Han, Jiawei and Thuraisingham, Bhavani},
  booktitle={2010 IEEE International Conference on Data Mining}, 
  title={Addressing Concept-Evolution in Concept-Drifting Data Streams}, 
  year={2010},
  volume={},
  number={},
  pages={929-934},
  doi={10.1109/ICDM.2010.160}}

@inproceedings{verma2019interpolation,
  title={Interpolation consistency training for semi-supervised learning},
  author={Verma, Vikas and Kawaguchi, Kenji and Lamb, Alex and Kannala, Juho and Bengio, Yoshua and Lopez-Paz, David},
  journal={Twenty-Eighth International Joint Conference on Artificial Intelligence (IJCAI-19)},
  year={2019}
}

@inproceedings{romessis2001parametric,
  title={A parametric investigation of the diagnostic ability of probabilistic neural networks on turbofan engines},
  author={Romessis, C and Stamatis, A and Mathioudakis, K},
  booktitle={Turbo Expo: Power for Land, Sea, and Air},
  volume = {Volume 4: Manufacturing Materials and Metallurgy; Ceramics; Structures and Dynamics; Controls, Diagnostics and Instrumentation; Education; IGTI Scholar Award},
  series = {Turbo Expo: Power for Land, Sea, and Air},
  pages={V004T04A004},
  year={2001},
  month = {06},
  doi = {10.1115/2001-GT-0011},
  url = {https://doi.org/10.1115/2001-GT-0011},
  eprint = {https://asmedigitalcollection.asme.org/GT/proceedings-pdf/GT2001/78538/V004T04A004/2416132/v004t04a004-2001-gt-0011.pdf},
  organization={American Society of Mechanical Engineers}
}

@inproceedings{li2015ClusteringTechniqueAbnormal,
   author = {Lishuai {Li} and Santanu Das and R. John Hansman and Rafael Palacios and Ashok N. Srivastava},
   doi = {10.2514/1.I010329},
   issn = {23273097},
   issue = {9},
   journal = {Journal of Aerospace Information Systems},
   pages = {587-598},
   publisher = {American Institute of Aeronautics and Astronautics Inc.},
   title = {Analysis of flight data using clustering techniques for detecting abnormal operations},
   volume = {12},
   year = {2015},
}

@InProceedings{dasgupta2004NegativeSelectionFaultDetection,
  author="{Dasgupta, D.
  and KrishnaKumar, K.
  and Wong, D.
  and Berry, M.}",
  editor="{Nicosia, Giuseppe
  and Cutello, Vincenzo
  and Bentley, Peter J.
  and Timmis, Jon}",
  title="{Negative Selection Algorithm for Aircraft Fault Detection}",
  booktitle="{Artificial Immune Systems}",
  year="{2004}",
  publisher="{Springer Berlin Heidelberg}",
  address="{Berlin, Heidelberg}",
  pages="{1--13}",
  isbn="{978-3-540-30220-9}"
}


@INPROCEEDINGS{al2005detection,
    author={I. A. -. {Al-Zyoud} and K. {Khorasani}},
    booktitle={Proceedings. 2005 IEEE International Joint Conference on Neural Networks, 2005.}, 
    journal = {Proceedings of the International Joint Conference on Neural Networks},
    title={Detection of actuator faults using a dynamic neural network for the attitude control subsystem of a satellite}, 
    year={2005},
    volume={3},
    number={},
    pages={1746--1751},
    doi={10.1109/IJCNN.2005.1556144},
    ISSN={2161-4407},
    month={July},
    organization={IEEE}
  }

@INPROCEEDINGS{valdes2008DynamicNeuralNetworkFDI,
    author={A. Valdes and K. Khorasani},
    booktitle={2008 IEEE International Joint Conference on Neural Networks (IEEE World Congress on Computational Intelligence)}, 
    title={Dynamic neural network-based Pulsed Plasma Thruster (PPT) fault detection and isolation for the attitude control system of a satellite}, 
    year={2008},
    volume={},
    number={},
    pages={2689-2695},
    organization={IEEE},
    isbn = {9781424418213},
    ISSN={2161-4407},
    month={June},
    doi={10.1109/IJCNN.2008.4634175}
  }

@inproceedings{chow1990real,
  title={Real time application of artificial neural network for incipient fault detection of induction machines},
  author={Chow, Mo-yuen and Yee, Sui Oi},
  booktitle={Proceedings of the 3rd international conference on Industrial and engineering applications of artificial intelligence and expert systems-Volume 2},
  pages={1030--1036},
  year={1990}
}
@inproceedings{Kraemer2019,
   author = {Aline D. Kraemer and Emilia Villani},
   doi = {10.2514/6.2019-0506},
   isbn = {9781624105784},
   journal = {AIAA Scitech 2019 Forum},
   publisher = {American Institute of Aeronautics and Astronautics Inc, AIAA},
   title = {On the gap between aircraft fdi methods in industry and academy: Challenges and directions},
   year = {2019},
}
@inproceedings{mohammadi2010fault,
  title={Fault diagnosis of gas turbine engines by using dynamic neural networks},
  author={Mohammadi, Rasul and Naderi, Esmaeil and Khorasani, Khashayar and Hashtrudi-Zad, Shahin},
  booktitle={Turbo Expo: Power for Land, Sea, and Air},
  volume={43987},
  pages={365--376},
  year={2010}
}

@inproceedings{kanelopoulos1997incorporating,
  title={Incorporating neural networks into gas turbine performance diagnostics},
  author={Kanelopoulos, K and Stamatis, A and Mathioudakis, K},
  booktitle={Turbo Expo: Power for Land, Sea, and Air},
  volume={78712},
  pages={V004T15A011},
  year={1997},
  organization={American Society of Mechanical Engineers}
}

@inproceedings{whitehead1990rocket,
  title={Rocket engine diagnostics using neural networks},
  author={WHITEHEAD, BRUCE and KIECH, EARL and Ali, Moonis},
  booktitle={26th Joint Propulsion Conference},
  pages={1892},
  year={1990}
}
@inproceedings{hu2016online,
  title={Online sequential extreme learning machines for fault detection},
  author={Hu, Yang and Fink, Olga and Palm{\'e}, Thomas},
  booktitle={2016 IEEE International Conference on Prognostics and Health Management (ICPHM)},
  pages={1--8},
  year={2016},
  organization={IEEE}
}

@inproceedings{calikus2019interactive,
  author = {Calikus, Ece and Fan, Yuantao and Nowaczyk, Slawomir and Sant'Anna, Anita},
  title = {Interactive-COSMO: Consensus Self-Organized Models for Fault Detection with Expert Feedback},
  year = {2019},
  isbn = {9781450362962},
  publisher = {Association for Computing Machinery},
  address = {New York, NY, USA},
  url = {https://doi.org/10.1145/3304079.3310289},
  doi = {10.1145/3304079.3310289},
  booktitle = {Proceedings of the Workshop on Interactive Data Mining},
  articleno = {5},
  numpages = {9},
  keywords = {Self-Monitoring, Active Learning, Anomaly Detection, Human-in-the-loop},
  location = {Melbourne, VIC, Australia},
  series = {WIDM'19}
}

@InProceedings{noorhalim2019imbalancedratio,
  author="Noorhalim, Nurulfitrah
  and Ali, Aida
  and Shamsuddin, Siti Mariyam",
  editor="Kor, Liew-Kee
  and Ahmad, Abd-Razak
  and Idrus, Zanariah
  and Mansor, Kamarul Ariffin",
  title="Handling Imbalanced Ratio for Class Imbalance Problem Using SMOTE",
  booktitle="Proceedings of the Third International Conference on Computing, Mathematics and Statistics (iCMS2017)",
  year="2019",
  publisher="Springer Singapore",
  address="Singapore",
  pages="19--30",
  abstract="There are many issues regarding datasets classification. One such issue is class imbalance classification, which often occurs with extreme skewness across many real-world domains. The issue presents itself as one of the fundamental difficulties to form robust classifiers. In this paper, a sampling method was used to identify the performance of classification for k-NN classifier and C4.5 classifier with a ten-fold cross validation. Experimental results conducted showed that sampling greatly benefited the performance of classification in class imbalance problem, by improving class boundary region especially with extremely imbalanced datasets (extreme number of imbalanced ratio). This result demonstrates that class imbalance can affect many domains in real-world applications.",
  isbn="978-981-13-7279-7"
}

@inproceedings{vincent2020transfer,
  title={Transfer learning for anomaly detection through localized and unsupervised instance selection},
  author={Vincent, Vercruyssen and Wannes, Meert and Jesse, Davis},
  booktitle={Proceedings of the AAAI Conference on Artificial Intelligence},
  volume={34},
  number={04},
  pages={6054--6061},
  year={2020}
}

@inproceedings{Baker2020,
   author = {William Baker and Steven Nixon and Jeffrey Banks and Karl Reichard and Kaitlynn Castelle},
   doi = {10.1016/j.procs.2020.02.253},
   issn = {18770509},
   journal = {Procedia Computer Science},
   keywords = {Condition Based Maintenance,High Pressure Air Compressor,Reliability Centered Maintenance},
   pages = {257-264},
   publisher = {Elsevier B.V.},
   title = {Degrader analysis for diagnostic and predictive capabilities: A demonstration of progress in DoD CBM+ Initiatives},
   volume = {168},
   year = {2020},
}

@INPROCEEDINGS{zhang1996methodfdinn,
  author={Zhang, Qinghua and Zhang, Youmin},
  booktitle={Proceedings of International Conference on Neural Networks (ICNN'96)}, 
  title={A method for fault detection and isolation using neural networks}, 
  year={1996},
  volume={4},
  number={},
  pages={2270-2275 vol.4},
  doi={10.1109/ICNN.1996.549255}
}

@inproceedings{tinga2014aligning,
  title={Aligning PHM, SHM and CBM by understanding the physical system failure behaviour},
  author={Tinga, Tiedo and Loendersloot, Richard},
  booktitle={European Conference on the Prognostics and Health Management Society},
  year={2014},
  organization={Citeseer}
}

@inproceedings{ly2009fault,
  title={Fault diagnosis and failure prognosis for engineering systems: A global perspective},
  author={Ly, Canh and Tom, Kwok and Byington, Carl S and Patrick, Romano and Vachtsevanos, George J},
  booktitle={2009 IEEE International Conference on Automation Science and Engineering},
  pages={108--115},
  year={2009},
  organization={IEEE}
}

@inproceedings{chen2010multi,
  title={Multi-class feature selection using pairwise-class and all-class techniques},
  author={Chen, Bo and Li, Guo-Zheng and You, Mingyu},
  booktitle={2010 IEEE International Conference on Bioinformatics and Biomedicine Workshops (BIBMW)},
  pages={644--647},
  year={2010},
  organization={IEEE}
}

@inproceedings{tan2011hst,
  title={Fast anomaly detection for streaming data},
  author={Tan, Swee Chuan and Ting, Kai Ming and Liu, Tony Fei},
  booktitle={Twenty-Second International Joint Conference on Artificial Intelligence},
  year={2011}
}

@inproceedings{breunig2000lof,
  title={LOF: identifying density-based local outliers},
  author={Breunig, Markus M and Kriegel, Hans-Peter and Ng, Raymond T and Sander, J{\"o}rg},
  booktitle={Proceedings of the 2000 ACM SIGMOD international conference on Management of data},
  pages={93--104},
  year={2000}
}
%#####################################################################
%#####################################################################
%#####################################################################
%####################### TESES / DISSERTACOES %#######################
%#####################################################################
%#####################################################################
%#####################################################################
@MASTERSTHESIS{almeida2006evoluccao,
  title={A evolu{\c{c}}{\~a}o do poder aeroespacial brasileiro},
  author={Almeida, Andr{\'e} Luiz},
  year={2006},
  school={Faculdade de Filosofia, Letras e Ciências Humanas, Universidade de S{\~a}o Paulo},
  doi={10.11606/D.8.2006.tde-19062007-153215},
  address={S{\~a}o Paulo},
  type={Mestrado em Geografia Humana},
  pages={121}
}

@monography{mnunes2016inspecao115gav,
  title={A contaminação microbiológica e sua influência nas inspeções programadas realizadas pelo 1°/15° Grupo de Aviação nas aeronaves C-105 (amazonas) no segundo semestre de 2016},
  author={Nunes, Marcelo Moacir},
  year={2017},
  school={Escola de Comando e Estado-Maior da Aeronáutica, Universidade da Força Aérea},
  address={Rio de Janeiro},
  type={Curso de Comando e Estado-Maior},
  pages={30}
}

@monography{camargo2015gestaointegrada,
  title={A Gestão Integrada da Manutenção do C-130 e sua disponibilidade na Força Aérea Brasileira},
  author={Camargo, Marcello Pereira},
  year={2015},
  school={Escola de Comando e Estado-Maior da Aeronáutica, Universidade da Força Aérea},
  address={Rio de Janeiro},
  type={Curso de Comando e Estado-Maior},
  pages={18}
}

@monography{carvalho2016gestprocp3,
  title={A influência da Gestão de Processos na disponibilidade das aeronaves P-3 AM, no
1°/7° Grupo de Aviação, no ano de 2015},
  author={Carvalho{ }J{r}., José Augusto Castro},
  year={2016},
  school={Escola de Comando e Estado-Maior da Aeronáutica, Universidade da Força Aérea},
  address={Rio de Janeiro},
  type={Curso de Comando e Estado-Maior},
  pages={26}
}

@monography{ribeiro2015reestruturacaogsm,
  title={A reestruturação do Esquadrão de Suprimento e Manutenção da Base Aérea do Galeão e a missão do Primeiro Esquadrão do Primeiro Grupo de Transporte},
  author={Ribeiro, Marcelo Silva},
  year={2015},
  school={Escola de Comando e Estado-Maior da Aeronáutica, Universidade da Força Aérea},
  address={Rio de Janeiro},
  type={Curso de Comando e Estado-Maior},
  pages={25}
}

@monography{ferreira2017terceirizacaosuportelogistico,
  title={A Terceirização do Suporte Logístico},
  author={Ferreira, Airton Alves},
  year={2017},
  school={Escola de Comando e Estado-Maior da Aeronáutica, Universidade da Força Aérea},
  address={Rio de Janeiro},
  type={Curso de Comando e Estado-Maior},
  pages={34}
}

@monography{candido2017contratacaosuporte,
  title={Contratação de Suporte Logístico},
  author={C{\^a}ndido, Gilberto Almeida},
  year={2017},
  school={Escola de Comando e Estado-Maior da Aeronáutica, Universidade da Força Aérea},
  address={Rio de Janeiro},
  type={Curso de Comando e Estado-Maior},
  pages={33}
}

@monography{conceicao2016pmologistica,
  title={Escritório de Gerenciamento de Projetos na Gestão Logística da FAB},
  author={Concei{\c{c}}{\~{a}}o, Ricardo Miguel},
  year={2016},
  school={Escola de Comando e Estado-Maior da Aeronáutica, Universidade da Força Aérea},
  address={Rio de Janeiro},
  type={Curso de Comando e Estado-Maior},
  pages={25}
}

@monography{filho2017gestaointegrada,
  title={Gestão integrada de manutenção de aeronave},
  author={Fernandes{ }Filho, José Jesus Soares},
  year={2017},
  school={Escola de Comando e Estado-Maior da Aeronáutica, Universidade da Força Aérea},
  address={Rio de Janeiro},
  type={Curso de Comando e Estado-Maior},
  pages={28}
}


@monography{nunes2015terceirizacaoc97,
  title={Terceirização do Suporte Logístico das Aeronaves C-97 Brasília},
  author={Nunes, Andrei Garcia},
  year={2015},
  school={Escola de Comando e Estado-Maior da Aeronáutica, Universidade da Força Aérea},
  address={Rio de Janeiro},
  type={Curso de Comando e Estado-Maior},
  pages={25}
}

@monography{silva2018indisplog111gavh50,
  title={Fatores materiais que mais contribuem para a indisponibilidade logística das aeronaves do 1º/11GAv e que interferem na instrução aérea dos pilotos de H-50},
  author={Silva, André Fabiano},
  year={2018},
  school={Centro Universitário do Sul de Minas},
  address={Minas Gerais},
  type={Especialização em MBA em Planejamento e Gestão Estratégicos},
  pages={14}
}

@monography{valle2015bayesianas,
  title={Redes bayesianas no diagnóstico de panes em itens reparáveis de aeronaves},
  author={Valle{ }J{r}., Marcos Antonio},
  year={2015},
  school={Escola de Aperfeiçoamento de Oficiais da Aeronáutica, Universidade da Força Aérea},
  address={Rio de Janeiro},
  type={Curso de Aperfeiçoamento de Oficiais},
  pages={15}
}

@monography{ribeiro2019shm,
  title={O Uso de Sistemas de Monitoramento Estrutural na Gestão da Manutenção de Aeronaves Militares},
  author={Ribeiro, Fabrício Nascimento},
  year={2019},
  school={Escola de Aperfeiçoamento de Oficiais da Aeronáutica, Universidade da Força Aérea},
  address={Rio de Janeiro},
  type={Curso de Aperfeiçoamento de Oficiais},
  pages={11}
}

@monography{gomes2015terceitizacaot27,
  title={Influência da terceirização do suporte logístico de suprimentos na disponibilidade das aeronaves T-27 da AFA},
  author={Gomes, Anderson Silva},
  year={2015},
  school={Escola de Aperfeiçoamento de Oficiais da Aeronáutica, Universidade da Força Aérea},
  address={Rio de Janeiro},
  type={Curso de Aperfeiçoamento de Oficiais},
  pages={24}
}

@monography{nepomuceno2015manutencaocorretivah50,
  title={As Manutenções Corretivas e Preventivas e a Confiabilidade das Pás do Rotor Principal da aeronave H-50},
  author={Nepomuceno, Thiago Freitas},
  year={2015},
  school={Escola de Aperfeiçoamento de Oficiais da Aeronáutica, Universidade da Força Aérea},
  address={Rio de Janeiro},
  type={Curso de Aperfeiçoamento de Oficiais},
  pages={21}
}

@monography{barbosajr2018gestaoestoque,
  title={GESTÃO DE ESTOQUES: a formação do estoque de segurança para melhora na disponibilidade de aeronaves},
  author={Barbosa{ }J{r}., Milton Luis Merlino},
  year={2018},
  school={Escola de Aperfeiçoamento de Oficiais da Aeronáutica, Universidade da Força Aérea},
  address={Rio de Janeiro},
  type={Curso de Aperfeiçoamento de Oficiais},
  pages={12}
}

@monography{viana2019contratosuporte,
  title={CONTRATO DE SUPORTE LOGÍSTICO: fator contribuinte para aumento da eficiência do serviço de manutenção do GEIV},
  author={Viana, Rafael Santos},
  year={2019},
  school={Escola de Aperfeiçoamento de Oficiais da Aeronáutica, Universidade da Força Aérea},
  address={Rio de Janeiro},
  type={Curso de Aperfeiçoamento de Oficiais},
  pages={11}
}

@monography{machado2020canibalizacao,
  title={CANIBALIZAÇÃO DE AERONAVES: uma estratégia com impactos negativos na manutenção},
  author={Machado, Sonimar},
  year={2020},
  school={Escola de Aperfeiçoamento de Oficiais da Aeronáutica, Universidade da Força Aérea},
  address={Rio de Janeiro},
  type={Curso de Aperfeiçoamento de Oficiais},
  pages={11}
}

@monography{lemos2016c130antartica,
  title={AVALIAÇÃO DA DISPONIBILIDADE DA AERONAVE C-130H, NAS MISSÕES ANTÁRTICAS, COM A CENTRALIZAÇÃO DA MANUTENÇÃO NO ESM-GL},
  author={Lemos, Maurício Nascimento},
  year={2016},
  school={Escola de Aperfeiçoamento de Oficiais da Aeronáutica, Universidade da Força Aérea},
  address={Rio de Janeiro},
  type={Curso de Aperfeiçoamento de Oficiais},
  pages={24}
}

@monography{dutra2015oscilacaofluxolog,
  title={A oscilação do fluxo logístico na DSM-3 da AFA e as discrepâncias nas manutenções das aeronaves T-25},
  author={Dutra, Marcus Vinicius Bonoto},
  year={2015},
  school={Escola de Aperfeiçoamento de Oficiais da Aeronáutica, Universidade da Força Aérea},
  address={Rio de Janeiro},
  type={Curso de Aperfeiçoamento de Oficiais},
  pages={19}
}

@monography{carvalho2015linguainglesamanutencao,
  title={A língua inglesa como influência no cumprimento das tarefas de manutenção do 2º esquadrão do Grupo de Transporte Especial, no ano de 2015},
  author={Carvalho, Darlan Dornelas},
  year={2015},
  school={Escola de Aperfeiçoamento de Oficiais da Aeronáutica, Universidade da Força Aérea},
  address={Rio de Janeiro},
  type={Curso de Aperfeiçoamento de Oficiais},
  pages={26}
}

@monography{iranilton2016fatoreshumanosc95mbant,
  title={A influência dos Fatores Humanos na Oficina de Manutenção da Aeronave C-95M do GSM-NT},
  author={Leite, Iranilton Migue Barroso},
  year={2016},
  school={Escola de Aperfeiçoamento de Oficiais da Aeronáutica, Universidade da Força Aérea},
  address={Rio de Janeiro},
  type={Curso de Aperfeiçoamento de Oficiais},
  pages={29}
}

@monography{augusto2015infcontratosuporte_ic95,
  title={A influência do contrato de suporte logístico no projeto IC-95 do Grupo Especial de Inspeção em Voo},
  author={Augusto, Anderson},
  year={2015},
  school={Escola de Aperfeiçoamento de Oficiais da Aeronáutica, Universidade da Força Aérea},
  address={Rio de Janeiro},
  type={Curso de Aperfeiçoamento de Oficiais},
  pages={23}
}

@monography{barros2017flexdatainsp,
  title={A influência da flexibilização das datas da inspeção programada tipo HSC na disponibilidade da frota de C-130},
  author={Barros, Jorge Leonardo Mendes Monteiro},
  year={2017},
  school={Escola de Aperfeiçoamento de Oficiais da Aeronáutica, Universidade da Força Aérea},
  address={Rio de Janeiro},
  type={Curso de Aperfeiçoamento de Oficiais},
  pages={22}
}

@monography{fabiocosta2016desatesqsup,
  title={A desativação do Esquadrão de Suprimento e Manutenção de Fortaleza e sua influência na motivação dos militares transferidos para o Grupamento de Suprimento e Manutenção de Natal no ano de 2016},
  author={Costa, Weloson Fábio Aquino da},
  year={2016},
  school={Escola de Aperfeiçoamento de Oficiais da Aeronáutica, Universidade da Força Aérea},
  address={Rio de Janeiro},
  type={Curso de Aperfeiçoamento de Oficiais},
  pages={27}
}

@monography{evandro2016gestaoestoque,
  title={A gestão do estoque do material imobilizado da Seção de Suprimento do Esquadrão de Suprimento e Manutenção da Base Aérea de Santa Cruz},
  author={Duarte, Evandro},
  year={2016},
  school={Escola de Aperfeiçoamento de Oficiais da Aeronáutica, Universidade da Força Aérea},
  address={Rio de Janeiro},
  type={Curso de Aperfeiçoamento de Oficiais},
  pages={27}
}

@MASTERSTHESIS{barrios2008ebo,
  title={Diagramas de influência para comando e controle no processo de seleção de alvos sob o enfoque de operações baseadas em efeitos},
  author={Barrios, Eduardo},
  year={2008},
  school={Instituto Tecnológico de Aeronáutica},
  address={São José dos Campos},
  type={Mestrado em Engenharia Eletrônica e Computação},
  pages = {148},
}

@phdthesis{di2018enhanced,
  title={Enhanced System Health Assessment using Adaptive Self-Learning Techniques},
  author={Di, Yuan},
  year={2018},
  school={Department of Mechanical \& Materials Engineering, College of Engineering \& Applied School, Graduate School, University of Cincinnati},
  pages={140},
  type={PhD},
  address={Cincinnati}
}

@thesis{Li2013phdthesis,
   author = {Lishuai Li and R John Hansman and Roy Welsch and Rafael Palacios and Julie Shah},
   city = {Cambridge},
   institution = {Massachusetts Institute of Technology},
   month = {6},
   title = {ANOMALY DETECTION IN AIRLINE ROUTINE OPERATIONS USING FLIGHT DATA RECORDER DATA},
   year = {2013},
}

@phdthesis {Fan2020phdthesis,
 school={Halmstad University Press},
  place = {Halmstad},
   author={Fan, Yuantao}, 
   year={2020},
   collection={Halmstad University Dissertations},
	series = {Halmstad University Dissertations},
	title = {Wisdom of the Crowd for Fault Detection and Prognosis},
	ISBN = {978-91-88749-43-7},
	url = {http://urn.kb.se/resolve?urn=urn:nbn:se:hh:diva-41367}  
}

@thesis{wagnersouzaporto2009,
   author = {Wagner Souza Porto},
   city = {Campina Grande, Paraiba},
   institution = {Universidade Federal de Campina Grande},
   month = {9},
   title = {Isolamento Automatico de Falhas em Sistemas},
   year = {2009}
}

@thesis{Schreiner2015,
   author = {John N Schreiner},
   city = {Logan, Utah},
   institution = {UTAH STATE UNIVERSITY},
   month = {5},
   title = {A Neural Network Approach to Fault Detection in Spacecraft A Neural Network Approach to Fault Detection in Spacecraft Attitude Determination and Control Systems Attitude Determination and Control Systems},
   url = {https://digitalcommons.usu.edu/etd/4164},
   year = {2015},
}

@phdthesis{Ogaji2002,
   author = {S. O. T. Ogaji},
   school = {School of Engineering, Cranfield University},
   title = {Advanced Gas-path Fault Diagnostics for Stationary Gas Turbines},
   year = {2003},
   address={Cranfield},
   pages={295},
   type={PhD em Engenharia}
}

@phdthesis{Roady2020,
  author = {Roady, Ryne},
  title = {Open Set Classification for Deep Learning in Large-Scale and Open Set Classification for Deep Learning in Large-Scale and Continual Learning Models Continual Learning Models},
  url = {https://scholarworks.rit.edu/theses},
  year = {2020},
  address = {Rochester},
  pages = {126},
  type = {PhD em Image Science},
}

@thesis{kraemer2021,
   author = {Kraemer, Aline},
   city = {São José dos Campos},
   address={São José dos Campos},
   institution = {Instituto Tecnológico de Aeronáutica},
   month = {6},
   title = {A framework for offline data-driven aircraft failure diagnosis},
   year = {2021},
   type={Doutorado em Engenharia Aeronáutica e Mecânica},
   pages={154}
}

@thesis{lukjanec2016,
   author = {Lukjanec, Dmitrij},
   city = {Aalborg},
   address={Aalborg},
   institution = {Aalborg Universitet},
   month = {6},
   title = {Detection of Hydraulic cylinder leakage},
   year = {2016},
   type={Mestrado em Engenharia},
   pages={137}
}

@thesis{tiagocaldas2019,
   author = {Caldas, Tiago de Barros},
   city = {São José dos Campos},
   address={São José dos Campos},
   institution = {Instituto Tecnológico de Aeronáutica},
   month = {12},
   title = {Estudo e melhoria no diagnóstico de falhas baseado em modelo estrutural causal para um sistema de controle de voo eletro-hidráulico},
   year = {2019},
   type={Mestrado em Ciências e Tecnologias Espaciais},
   pages={154}
}

@thesis{duncan2020,
   author = {Imbassahy, Dennys Wallace Duncan},
   city = {São José dos Campos},
   address={São José dos Campos},
   institution = {Instituto Tecnológico de Aeronáutica},
   month = {10},
   title = {A hybrid method to diagnose abnormal situations applied to a landing gear model},
   year = {2020},
   type={Mestrado em Ciências e Tecnologias Espaciais},
   pages={93}
}

%#####################################################################
%#####################################################################
%#####################################################################
%############################# LIVROS %###############################
%#####################################################################
%#####################################################################
%#####################################################################
@book{fedorchak2020understanding,
  title={Understanding Contemporary Air Power},
  author={Fedorchak, Viktoriya},
  isbn={978-11-3839-380-6},
  year={2020},
  publisher={Routledge},
  pages={232},
  edition={1},
  address={Nova Iorque},
}

@book{proflorena2021inteligenciaartificial,
  title={Inteligência Artificial - Uma Abordagem de Aprendizado de Máquina},
  author={Faceli, Katti and Lorena, Ana and Gama, João and Almeida, Tiago and Carvalho, André},
  isbn={9788521637349},
  year={2021},
  publisher={LTC},
  pages={304},
  edition={2},
  address={Rio de Janeiro},
}

@book{blanchard2013systems,
  title={Systems Engineering and Analysis: Pearson New International Edition},
  author={Blanchard, B.S. and Fabrycky, W.J.},
  isbn={9781292038391},
  year={2013},
  publisher={Pearson Education},
  pages={842},
  edition={5}
}

@book{Nye2004NYESPT,
	title = {Soft Power the Means to Success in World Politics},
  author = {Joseph S. Nye},
  isbn={978-15-8648-306-7},
	year = {2004},
  publisher={Public Affairs},
  pages={191},
  edition        = {1},
  address={Nova Iorque}
}

@book{monarch2021human,
  title={Human-in-the-Loop Machine Learning: Active learning and annotation for human-centered AI},
  author={Monarch, R.},
  isbn={9781617296741},
  url={https://books.google.com.br/books?id=LCh0zQEACAAJ},
  year={2021},
  publisher={Manning Publications}
}

@book{chollet2018deep,
  title={Deep learning with Python},
  author={Chollet, Francois and others},
  volume={361},
  year={2018},
  publisher={Manning New York}
}

@book{muller2016introductionmlpython,
  title={Introduction to Machine Learning with Python: A Guide for Data Scientists},
  author={Muller, A.C. and Guido, S.},
  isbn={9781449369897},
  year={2016},
  publisher={O'Reilly Media}
}


@book{lethiecq2018scientometric,
  title={Scientometric Study on Intelligent Maintenance Systems for Military Platforms},
  author={Lethiecq-Normand, M. and Canada. Defence R \& D Canada. Atlantic Research Centre and National Research Council Canada. Knowledge Management},
  series={Contract report},
  url={https://books.google.com.br/books?id=x3oCywEACAAJ},
  year={2018},
  publisher={Defence Research and Development Canada = Recherche et d{\'e}veloppement pour la d{\'e}fense Canada}
}

@book{defesa2020livrobranco,
    address = {Brasília, DF},
    organization={Brasil. {Ministério da Defesa}},
    org-short ={Brasil},
    publisher = {Ministério da Defesa},
    title = {{Livro Branco de Defesa Nacional}},
    year = {2020}
}

@book{pape1996bombing,
  title={Bombing to win: Air power and coercion in war},
  author={Pape, Robert A},
  year={1996},
  publisher={Cornell University Press},
  isbn={978-0-8014-8311-0},
  address={Ithaca, NY},
  pages={377}
}

@book{pecht2018phm,
  title={Prognostics and Health Management of Electronics: Fundamentals, Machine Learning, and the Internet of Things},
  author={Michael G. Pecht, Myeongsu Kang},
  isbn={9781119515326},
  doi={10.1002/9781119515326},
  year={2018},
  edition={2},
  pages={789},
  address={Hoboken, NJ},
  publisher={Wiley}
}

@book{gouriveau2016prognostics,
  title={From Prognostics and Health Systems Management to Predictive Maintenance 1: Monitoring and Prognostics},
  author={Gouriveau, R. and Medjaher, K. and Zerhouni, N.},
  isbn={9781848219373},
  year={2016},
  pages={186},
  volume={4},
  address={Hoboken, NJ},
  publisher={Wiley}
}

@book{chebel2017prognostics,
  title={From Prognostics and Health Systems Management to Predictive Maintenance 2: Knowledge, Reliability and Decision},
  author={Chebel-Morello, Brigitte and Nicod, Jean-Marc and Varnier, Christophe},
  isbn={9781848219380},
  year={2017},
  volume={7},
  address={Hoboken, NJ},
  pages={170},
  publisher={John Wiley \& Sons}
}

@book{scheffer2004practical,
  title={Practical Machinery Vibration Analysis and Predictive Maintenance},
  author={Scheffer, C. and Girdhar, P.},
  isbn={9780080480220},
  lccn={2005299230},
  series={Practical Machinery Vibration Analysis and Predictive Maintenance},
  year={2004},
  pages={272},
  publisher={Elsevier Science}
}

@book{mobley2002introduction,
  title={An Introduction to Predictive Maintenance},
  author={Mobley, R.K.},
  isbn={9780080478692},
  series={Plant Engineering},
  pages={437},
  year={2002},
  publisher={Elsevier Science}
}

@book{holmberg2010emaintenance,
  title={E-maintenance},
  author={Holmberg, Kenneth and Adgar, Adam and Arnaiz, Aitor and Jantunen, Erkki and Mascolo, Julien and Mekid, Samir},
  isbn={9781849962049},
  pages={511},
  year={2010},
  publisher={Springer-Verlag London},
  doi={10.1007/978-1-84996-205-6},
  edition= {1}
}

@book{kim2016prognostics,
  title={Prognostics and Health Management of Engineering Systems: An Introduction},
  author={Kim, N.H. and An, D. and Choi, J.H.},
  isbn={9783319447421},
  year={2016},
  publisher={Springer International Publishing},
  pages={355}
}

@book{jennions2013ivhmbusinesscase,
  title={Integrated Vehicle Health Management: Business Case Theory and Practice},
  author={Jennions, I.K.},
  isbn={9780768076455},
  lccn={2012026735},
  year={2013},
  publisher={SAE International}
}

@article{saxena2010metrics,
  title={Metrics for offline evaluation of prognostic performance},
  author={Saxena, Abhinav and Celaya, Jose and Saha, Bhaskar and Saha, Sankalita and Goebel, Kai},
  journal={International Journal of Prognostics and health management},
  volume={1},
  number={1},
  pages={4--23},
  year={2010}
}

@book{mansouri2020data,
  title={Data-driven and model-based methods for fault detection and diagnosis},
  author={Mansouri, Majdi and Harkat, Mohamed-Faouzi and Nounou, Hazem N and Nounou, Mohamed N},
  year={2020},
  publisher={Elsevier}
}

@book{niu2017data,
  title={Data-driven technology for engineering systems health management},
  author={Niu, Gang},
  year={2017},
  publisher={Springer}
}

@book{gertler1998fault,
  title={Fault Detection and Diagnosis in Engineering Systems},
  author={Gertler, J.},
  isbn={9780824794279},
  lccn={98016716},
  series={Electrical Engineering and Ele},
  url={https://books.google.com.br/books?id=fmPyTbbqKFIC},
  year={1998},
  publisher={Taylor \& Francis}
}

@incollection{monteriu2020faultch1,
  author={Wang, Ban and Zhang, Youmin},
  booktitle={Fault Diagnosis and Fault-tolerant Control of Robotic and Autonomous Systems},
  chapter={1},
  edition={1},
  pages={1-24},
  publisher={Institution of Engineering and Technology},
  title={Fault Diagnosis and fault-tolerant control of unmanned aerial vehicles},
  year={2020},
  editor={Monteri{\`u}, Andrea and Longhi, Sauro and Freddi, Alessandro},
  address        = {London, UK},
}

@incollection{pytorch_NEURIPS2019_9015,
    title = {PyTorch: An Imperative Style, High-Performance Deep Learning Library},
    author = {Paszke, Adam and Gross, Sam and Massa, Francisco and Lerer, Adam and Bradbury, James and Chanan, Gregory and Killeen, Trevor and Lin, Zeming and Gimelshein, Natalia and Antiga, Luca and Desmaison, Alban and Kopf, Andreas and Yang, Edward and DeVito, Zachary and Raison, Martin and Tejani, Alykhan and Chilamkurthy, Sasank and Steiner, Benoit and Fang, Lu and Bai, Junjie and Chintala, Soumith},
    booktitle = {Advances in Neural Information Processing Systems 32},
    editor = {H. Wallach and H. Larochelle and A. Beygelzimer and F. d\textquotesingle Alch\'{e}-Buc and E. Fox and R. Garnett},
    pages = {8024--8035},
    year = {2019},
    publisher = {Curran Associates, Inc.},
    url = {http://papers.neurips.cc/paper/9015-pytorch-an-imperative-style-high-performance-deep-learning-library.pdf}
}

@book{meskin2011fault,
  title={Fault Detection and Isolation: Multi-Vehicle Unmanned Systems},
  author={Meskin, N. and Khorasani, K.},
  isbn={9781441983930},
  lccn={2011456162},
  series={SpringerLink : B{\"u}cher},
  year={2011},
  publisher={Springer New York}
}

@book{felizardo2017revisao,
  title={Revis{\~a}o Sistem{\'a}tica da Literatura em Engenharia de Software: Teoria e Pr{\'a}tica},
  author={Nakagawa, E.Y. and Scannavino, K.R.F. and Fabbri, S.C.P.F. and Ferrari, F.C.},
  isbn={9788535286410},
  edition        = {1},
  year={2017},
  publisher={Elsevier Brasil},
  address={Rio de Janeiro}
}

@incollection{demerval2019mapeamentoch3,
  author={Dermeval, Diego and Coelho, Jorge AP de M and BITTENCOURT, Ig Ibert},
  booktitle={Metodologia de Pesquisa Científica em Informática na Educação: Abordagem Quantitativa},
  chapter={3},
  edition={1},
  volume={2},
  publisher={SBC},
  title={Mapeamento Sistemático e Revisão Sistemática da Literatura em Informática na Educação},
  year={2020},
  editor={JAQUES, Patrícia Augustin and SIQUEIRA, Sean and BITTENCOURT, Ig and PIMENTEL, Mariano},
  address        = {Porto Alegre},
}

@book{murphy2012machine,
  title={Machine Learning: A Probabilistic Perspective},
  author={Murphy, K.P.},
  isbn={9780262018029},
  lccn={2012004558},
  series={Adaptive Computation and Machine Learning series},
  year={2012},
  publisher={MIT Press}
}

@book{atienza2020advanceddepplearningwithtf,
  title={Advanced Deep Learning with TensorFlow 2 and Keras: Apply DL, GANs, VAEs, deep RL, unsupervised learning, object detection and segmentation, and more, 2nd Edition},
  author={Atienza, R.},
  isbn={9781838825720},
  year={2020},
  publisher={Packt Publishing}
}

@book{goodfellow2016deep,
  title={Deep Learning},
  author={Goodfellow, I. and Bengio, Y. and Courville, A.},
  isbn={9780262035613},
  lccn={2016022992},
  series={Adaptive Computation and Machine Learning series},
  year={2016},
  publisher={MIT Press}
}

@book{raschka2019python,
  title={Python Machine Learning: Machine Learning and Deep Learning with Python, scikit-learn, and TensorFlow 2, 3rd Edition},
  author={Raschka, S. and Mirjalili, V.},
  isbn={9781789958294},
  year={2019},
  publisher={Packt Publishing}
}

@book{geron2017hands,
  title={Hands-on Machine Learning with Scikit-Learn and TensorFlow: Concepts, Tools, and Techniques to Build Intelligent Systems},
  author={G{\'e}ron, A.},
  isbn={9781491962299},
  year={2017},
  publisher={O'Reilly Media}
}

@book{grus2019data,
  title={Data Science do Zero: Primeiras Regras com o Python},
  author={Grus, J.},
  isbn={9788550813370},
  year={2019},
  publisher={Alta Books}
}

@book{flach2012machine,
  title={Machine Learning: The Art and Science of Algorithms that Make Sense of Data},
  author={Flach, P.},
  isbn={9781107096394},
  lccn={2012289353},
  year={2012},
  publisher={Cambridge University Press}
}

@book{muller2016introductiontoml,
  title={Introduction to Machine Learning with Python: A Guide for Data Scientists},
  author={M{\"u}ller, A.C. and Guido, S.},
  isbn={9781449369897},
  year={2016},
  publisher={O'Reilly Media}
}



%#####################################################################
%#####################################################################
%#####################################################################
%############################# NORMAS %###############################
%#####################################################################
%#####################################################################
%#####################################################################

@book{en13306_2017,
  address={Brussels},
  organization={CEN},
  isbn = {9780580903700},
  pages = {98},
  publisher = {BSI Standards},
  subtitle = {Maintenance - Maintenance terminology},
  title = {{EN 13306:2017}},
  year = {2017}
}




%#####################################################################
%#####################################################################
%#####################################################################
%############################# OUTROS %###############################
%#####################################################################
%#####################################################################
%#####################################################################

@misc{manualmanutencaodirmab2014,
    org-short ={Brasil},
  organization={Brasil. {Ministério da Defesa}. {Comando da Aeronáutica}. {Diretoria de Material Aeronáutico e Bélico}},
  publisher = {{Comando da Aeronáutica}},
    title = {{MANUAL DE MANUTENÇÃO: Doutrina, Processos e Documentação de Manutenção}},
    year = {2014},
    address = {Rio de Janeiro},
}

@lei{comaer2020dca1-1,
  org-short ={Brasil},
  organization={Brasil. {Ministério da Defesa}. {Comando da Aeronáutica}},
  publisher = {{Comando da Aeronáutica}},
  title={{DCA 1-1: Doutrina Básica da Força Aérea Brasileira}},
  volume={1},
  year = {2020},
  address = {Brasília, DF},
  pages={47}
}

@lei{comaer2020dca1-1v2,
  org-short ={Brasil},
  organization={Brasil. {Ministério da Defesa}. {Comando da Aeronáutica}},
  publisher = {{Comando da Aeronáutica}},
  title={{DCA 1-1: Doutrina Básica da Força Aérea Brasileira}},
  volume={2},
  year = {2020},
  address = {Brasília, DF},
  pages={47}
}

@misc{pohl2015whybigdata,
  author = {Pohl, Thomas},
  title = {Why big data can help to keep planes in the air},
  publisher = {SAP},
  url = {https://blogs.sap.com/2015/01/20/why-airlines-need-to-keep-planes-in-the-air/},
  urlaccessdate = {05 mai. 2021},
  year = {2015}
}

@misc{2020river,
      title={River: machine learning for streaming data in Python},
      author={Jacob Montiel and Max Halford and Saulo Martiello Mastelini
              and Geoffrey Bolmier and Raphael Sourty and Robin Vaysse
              and Adil Zouitine and Heitor Murilo Gomes and Jesse Read
              and Talel Abdessalem and Albert Bifet},
      year={2020},
      eprint={2012.04740},
      archivePrefix={arXiv},
      primaryClass={cs.LG}
}

@online{lambert2020hst,
    title = {{Detecting anomalies in data streams using half-space trees}},
    author = {Lambert, Bennet},
    url = {https://https://towardsdatascience.com/detecting-anomalies-in-data-streams-2daedbdaa436},
    urldate = {30/06/2020},
    urlaccessdate = {15/04/2022},
    year=2020
}



